{
    "revenues": [
        100,
        120,
        220,
        380,
        400,
        460,
        520,
        500,
        786,
        800,
        900,
        1000
    ],
    "commissions": [
        30,
        60,
        30,
        35,
        200,
        220,
        225,
        280,
        300,
        400,
        450,
        480
    ],
    "months": [
        "Jan '23",
        "Feb '23",
        "Mar '23",
        "Apr '23",
        "May '23",
        "Jun '23",
        "Jul '23",
        "Aug '23",
        "Sep '23",
        "Oct '23",
        "Nov '23",
        "Dec '23"
    ]
}